@article{Harari2017,
  author = {Harari, Y. N.},
  title = {Dataism Is Our New God},
  journal = {New Perspectives Quarterly},
  volume = {34},
  number = {2},
  pages = {50-54},
  year = {2017},
  doi = {10.1111/npqu.12080}
}

@article{VanDijck2014,
  author = {Van Dijck, J.},
  title = {Datafication, dataism and dataveillance: Big Data between scientific paradigm and ideology},
  journal = {Surveillance \& Society},
  volume = {12},
  number = {2},
  pages = {197-208},
  year = {2014}
}

@article{deOliveira2022,
  author = {de Oliveira, R. C. A.},
  title = {Platformization of the skin? Biometric tattoos, dataism, and consumer datification},
  journal = {Cadernos EBAPE.BR},
  volume = {20},
  number = {2},
  pages = {207-217},
  year = {2022},
  doi = {10.1590/1679-395120210032x}
}

@article{Liu2025,
  author = {Liu, Z.},
  title = {Toward Datafied Human Enhancement: Concept, Functional Classifications and Ethical Issues},
  journal = {Filosofija. Sociologija},
  volume = {36},
  number = {1},
  pages = {1-15},
  year = {2025}
}

@article{Abouelmehdi2018,
  author = {Abouelmehdi, K. and Beni-Hessane, A. and Khaloufi, H.},
  title = {Big healthcare data: Preserving security and privacy},
  journal = {Journal of Big Data},
  volume = {5},
  number = {1},
  pages = {1-18},
  year = {2018},
  doi = {10.1186/s40537-017-0110-7}
}

@article{Safavi2014,
  author = {Safavi, S. and Shukur, Z.},
  title = {Conceptual Privacy Framework for Health Information on Wearable Device},
  journal = {PLoS ONE},
  volume = {9},
  number = {12},
  pages = {e114306},
  year = {2014},
  doi = {10.1371/journal.pone.0114306}
}

@article{Banerjee2018,
  author = {Banerjee, S. and Hemphill, T. and Longstreet, P.},
  title = {Wearable devices and healthcare: Data sharing and privacy},
  journal = {The Information Society},
  volume = {34},
  number = {1},
  pages = {49-57},
  year = {2018},
  doi = {10.1080/01972243.2017.1391912}
}

@article{Cilliers2019,
  author = {Cilliers, L.},
  title = {Wearable devices in healthcare: Privacy and information security issues},
  journal = {Health Information Management Journal},
  pages = {1-7},
  year = {2019},
  doi = {10.1177/1833358319851684}
}

@article{Li2016,
  author = {Li, H. and Wu, J. and Gao, Y. and Shi, Y.},
  title = {Examining individuals’ adoption of healthcare wearable devices: An empirical study from privacy calculus perspective},
  journal = {International Journal of Medical Informatics},
  volume = {88},
  pages = {8-17},
  year = {2016}
}

@article{Kordzadeh2016,
  author = {Kordzadeh, N. and Warren, J. and Seifi, A.},
  title = {Antecedents of privacy calculus components in virtual health communities},
  journal = {International Journal of Information Management},
  volume = {36},
  number = {6},
  pages = {724-734},
  year = {2016},
  doi = {10.1016/j.ijinfomgt.2016.04.015}
}

@article{Pentina2016,
  author = {Pentina, I. and Zhang, L. and Bata, H. and Chen, Y.},
  title = {Exploring privacy paradox in information-sensitive mobile app adoption: A cross-cultural comparison},
  journal = {Computers in Human Behavior},
  volume = {65},
  pages = {409-419},
  year = {2016},
  doi = {10.1016/j.chb.2016.09.005}
}

@article{Sun2015,
  author = {Sun, Y. and Wang, N. and Shen, X.-L. and Zhang, J. X.},
  title = {Location information disclosure in location-based social network services: Privacy calculus, benefit structure, and gender differences},
  journal = {Computers in Human Behavior},
  volume = {52},
  year = {2015}
}

@article{Kim2021,
  author = {Kim, T. B. and Ho, C.-T. B.},
  title = {Validating the moderating role of age in multi-perspective acceptance model of wearable healthcare technology},
  journal = {Telematics and Informatics},
  volume = {61},
  pages = {101603},
  year = {2021},
  doi = {10.1016/j.tele.2021.101603}
}

@article{Li2019,
  author = {Li, P. and Cho, H. and Goh, Z. H.},
  title = {Unpacking the process of privacy management and self-disclosure from the perspectives of regulatory focus and privacy calculus},
  journal = {Telematics and Informatics},
  volume = {42},
  pages = {101260},
  year = {2019},
  doi = {10.1016/j.tele.2019.04.006}
}

@article{Nasir2015,
  author = {Nasir, S. and Yurder, Y.},
  title = {Consumers' and physicians' perceptions about high tech wearable health products},
  journal = {Procedia - Social and Behavioral Sciences},
  volume = {195},
  pages = {1261-1267},
  year = {2015},
  doi = {10.1016/j.sbspro.2015.06.279}
}

@article{Sheikhali2016,
  author = {Sheikhali, S. A. and Abdallat, M. and Mabdalla, S. and Al Qaseer, B. and Khorma, R. and Malik, M. and Profili, M. C. and Rø, G. and Haskew, J.},
  title = {Design and implementation of a national public health surveillance system in Jordan},
  journal = {International Journal of Medical Informatics},
  volume = {88},
  pages = {58-61},
  year = {2016},
  doi = {10.1016/j.ijmedinf.2016.01.003}
}

@article{Abraham2019,
  author = {Abraham, R. and Schneider, J. and vom Brocke, J.},
  title = {Data governance: A conceptual framework, structured review, and research agenda},
  journal = {International Journal of Information Management},
  volume = {49},
  pages = {424–438},
  year = {2019},
  doi = {10.1016/j.ijinfomgt.2019.07.008}
}

@article{Xie2021,
  author = {Xie, Y. and Lu, L. and Gao, F. and He, S. and Zhao, H. and Fang, Y. and Yang, J. and An, Y. and Ye, Z. and Dong, Z.},
  title = {Integration of artificial intelligence, blockchain, and wearable technology for chronic disease management: A new paradigm in smart healthcare},
  journal = {Current Medical Science},
  volume = {41},
  number = {6},
  pages = {1123-1133},
  year = {2021},
  doi = {10.1007/s11596-021-2485-0}
}

@article{Boonsong2024,
  author = {Boonsong, W. and Kumar, T. D. and Archana, M. A. and Umapathy, K. and Omkumar, S. and Boonvarahan, N. C. A.},
  title = {A review on blockchain technology-based secure intelligent wearable devices for 6G systems},
  journal = {Przeglad Elektrotechniczny},
  volume = {100},
  number = {6},
  pages = {92-95},
  year = {2024},
  doi = {10.15199/48.2024.06.17}
}

@article{Mone2023,
  author = {Mone, V. and Shakhlo, F.},
  title = {Health data on the go: Navigating privacy concerns with wearable technologies},
  journal = {Legal Information Management},
  volume = {23},
  number = {2},
  pages = {179–188},
  year = {2023},
  doi = {10.1017/S1472669623000427}
}

@article{Conradie2022,
  author = {Conradie, N. H. and Nagel, S. K.},
  title = {Digital sovereignty and smart wearables: Three moral calculi for the distribution of legitimate control over the digital},
  journal = {Journal of Responsible Technology},
  volume = {12},
  pages = {100053},
  year = {2022},
  doi = {10.1016/j.jrt.2022.100053}
}

@article{Sui2023,
  author = {Sui, A. and Sui, W. and Liu, S. and Rhodes, R.},
  title = {Ethical considerations for the use of consumer wearables in health research},
  journal = {Digital Health},
  volume = {9},
  pages = {1-7},
  year = {2023},
  doi = {10.1177/20552076231153740}
}

@article{Hummel2021,
  author = {Hummel, P. and Braun, M. and Tretter, M. and Dabrock, P.},
  title = {Data sovereignty: A review},
  journal = {Big Data \& Society},
  volume = {8},
  number = {1},
  pages = {1-17},
  year = {2021},
  doi = {10.1177/2053951720982012}
}

@article{Niknejad2020,
  author = {Niknejad, N. and Ismail, W. B. and Mardani, A. and Liao, H. and Ghani, I.},
  title = {A comprehensive overview of smart wearables: The state of the art literature, recent advances, and future challenges},
  journal = {Engineering Applications of Artificial Intelligence},
  volume = {90},
  pages = {103529},
  year = {2020},
  doi = {10.1016/j.engappai.2020.103529}
}

@inproceedings{Mun2010,
  author = {Mun, M. and Hao, S. and Mishra, N. and Shilton, K. and Burke, J. and Estrin, D. and Hansen, M. and Govindan, R.},
  title = {Personal Data Vaults: A Locus of Control for Personal Data Streams},
  booktitle = {ACM CoNEXT 2010},
  year = {2010},
  doi = {10.1145/1921168.1921191}
}

@incollection{Papadopoulou2015,
  author = {Papadopoulou, E. and Stobart, A. and Taylor, N. K. and Williams, M. H.},
  title = {Enabling Data Subjects to Remain Data Owners},
  booktitle = {Smart Innovation},
  pages = {217-230},
  publisher = {Springer},
  year = {2015},
  doi = {10.1007/978-3-319-19728-9_20}
}

@inproceedings{Efraimidis2008,
  author = {Efraimidis, P. S. and Drosatos, G. and Nalbadis, F. and Tasidou, A.},
  title = {Towards Privacy in Personal Data Management},
  booktitle = {Proceedings of the 13th Panhellenic Conference on Informatics},
  year = {2008}
}

@inproceedings{Zyskind2015,
  author = {Zyskind, G. and Nathan, O. and Pentland, A. S.},
  title = {Decentralizing privacy: Using blockchain to protect personal data},
  booktitle = {2015 IEEE Security and Privacy Workshops},
  pages = {180-184},
  year = {2015},
  doi = {10.1109/SPW.2015.27}
}

@article{Heister2021,
  author = {Heister, S. and Yuthas, K.},
  title = {How blockchain and AI enable personal data privacy and support cybersecurity},
  journal = {Portland State University},
  year = {2021},
  doi = {10.1016/j.techsoc.2019.101218}
}

@article{Park2023,
  author = {Park, S.},
  title = {Hinting at the Third Path to the Future of Data Rights: An Empirical Study of the Steemit Blockchain},
  journal = {Social Media + Society},
  year = {2023},
  doi = {10.1177/20563051231155111}
}

@article{Bouderhem2023,
  author = {Bouderhem, R.},
  title = {Privacy and regulatory issues in wearable health technology},
  journal = {Eng. Proc.},
  volume = {58},
  number = {87},
  year = {2023},
  doi = {10.3390/ecsa-10-16206}
}

@article{Hutchings2020,
  author = {Hutchings, E. and Loomes, M. and Butow, P. and Boyle, F. M.},
  title = {A systematic literature review of health consumer attitudes towards secondary use and sharing of health administrative and clinical trial data: a focus on privacy, trust, and transparency},
  journal = {Systematic Reviews},
  volume = {9},
  pages = {235},
  year = {2020},
  doi = {10.1186/s13643-020-01481-9}
}

@article{Gupta2023,
  author = {Gupta, R. and Iyengar, R. and Sharma, M. and Cannuscio, C. C. and Merchant, R. M. and Asch, D. A. and Mitra, N. and Grande, D.},
  title = {Consumer views on privacy protections and sharing of personal digital health information},
  journal = {JAMA Network Open},
  volume = {6},
  number = {3},
  pages = {e231305},
  year = {2023},
  doi = {10.1001/jamanetworkopen.2023.1305}
}

@misc{Arbanas2023,
  author = {Arbanas, J. and Hupfer, S. and Silverglate, P. H. and Loucks, J. and Raman, P. and Steinhart, M.},
  title = {Data privacy and security worries are on the rise, while trust is down},
  howpublished = {Deloitte Insights},
  year = {2023},
  note = {Retrieved from \url{https://www2.deloitte.com/us/en/insights/industry/telecommunications/connectivity-mobile-trends-survey/2023/data-privacy-and-security.html}}
}

@article{Riso2017,
  author = {Riso, B. and Tupasela, A. and Vears, D. F. and Felzmann, H. and Cockbain, J. and Loi, M. and Kongsholm, N. C. H. and Zullo, S. and Rakic, V.},
  title = {Ethical sharing of health data in online platforms—Which values should be considered?},
  journal = {Life Sciences, Society and Policy},
  volume = {13},
  number = {1},
  pages = {12},
  year = {2017},
  doi = {10.1186/s40504-017-0060-z}
}

@article{Canali2022,
  author = {Canali, S. and Schiaffonati, V. and Aliverti, A.},
  title = {Challenges and recommendations for wearable devices in digital health: Data quality, interoperability, health equity, fairness},
  journal = {PLOS Digital Health},
  volume = {1},
  number = {10},
  pages = {e0000104},
  year = {2022},
  doi = {10.1371/journal.pdig.0000104}
}

@inproceedings{Datta2018,
  author = {Datta, P. and Chatterjee, M. and Siami Namin, A.},
  title = {A survey of privacy concerns in wearable devices},
  booktitle = {2018 IEEE International Conference on Big Data (Big Data)},
  year = {2018},
  doi = {10.1109/BigData.2018.8622110}
}

@article{Xu2021,
  author = {Xu, J. and Glicksberg, B. S. and Su, C. and Walker, P. and Bian, J. and Wang, F.},
  title = {Federated learning for healthcare informatics},
  journal = {Journal of Healthcare Informatics Research},
  volume = {5},
  pages = {1–19},
  year = {2021},
  doi = {10.1007/s41666-020-00082-4}
}

@misc{Pew2023,
  author = {{Pew Research Center}},
  title = {American Trends Panel Wave 127: Digital privacy and technology use (May 15--21, 2023) [Survey dataset]},
  year = {2023},
  howpublished = {\url{https://pewrsr.ch/3tH4of2}}
}

@misc{GrandView2024,
  author = {{Grand View Research}},
  title = {Wearable Technology Market Size, Share \& Trends Analysis Report By Product (Eyewear \& Headwear, Wristwear), By Application (Consumer Electronics, Healthcare), By Region, And Segment Forecasts, 2025 - 2030},
  year = {2024},
  howpublished = {\url{https://www.grandviewresearch.com/industry-analysis/wearable-technology-market#}},
  note = {Report ID: 978-1-68038-165-8}
}

@article{Binz2025,
  author = {Binz, M. and Akata, E. and Bethge, M. and Brändle, F. and Callaway, F. and Coda-Forno, J. and Schulz, E.},
  title = {A foundation model to predict and capture human cognition},
  journal = {Nature},
  year = {2025},
  doi = {10.1038/s41586-025-09215-4}
}

@article{Kanakia2019,
  author = {Kanakia, H. and Shenoy, G. and Shah, J.},
  title = {Cambridge Analytica – A Case Study},
  journal = {Indian Journal of Science and Technology},
  volume = {12},
  number = {29},
  year = {2019},
  doi = {10.17485/ijst/2019/v12i29/146977}
}

@techreport{Aghion2021,
  author = {Aghion, P. and Bergeaud, A. and Van Reenen, J.},
  title = {The impact of regulation on innovation},
  institution = {National Bureau of Economic Research},
  type = {NBER Working Paper},
  number = {28381},
  year = {2021},
  doi = {10.3386/w28381}
}

@article{Choi2018,
  author = {Choi, H. and Park, J. and Jung, Y.},
  title = {The role of privacy fatigue in online privacy behavior},
  journal = {Computers in Human Behavior},
  volume = {81},
  pages = {42–51},
  year = {2018},
  doi = {10.1016/j.chb.2017.12.001}
}
@misc{BenSasson2019,
  author = {Ben-Sasson, E. and Chiesa, A. and Tromer, E. and Virza, M.},
  title = {Succinct non-interactive zero knowledge for a von Neumann architecture},
  year = {2019},
  howpublished = {Retrieved from \url{https://eprint.iacr.org/2013/879.pdf}}
}
@article{Zhou2023,
  author = {Zhou, X. and Mao, Y. and Chen, Z.},
  title = {Leveraging zero-knowledge proofs for blockchain-based identity sharing: A survey of advancements, challenges and opportunities},
  journal = {Journal of Information Security and Applications},
  volume = {73},
  pages = {103274},
  year = {2023},
  doi = {10.1016/j.jisa.2023.103274}
}
@inproceedings{BenSasson2014,
  author = {Ben-Sasson, E. and Chiesa, A. and Garman, C. and Green, M. and Miers, I. and Tromer, E. and Virza, M.},
  title = {Zerocash: Decentralized anonymous payments from Bitcoin},
  booktitle = {Proceedings of the IEEE Symposium on Security and Privacy},
  pages = {459--474},
  year = {2014},
  publisher = {IEEE}
}
@article{Musk2019,
  author = {Musk, E.},
  title = {An Integrated Brain-Machine Interface Platform With Thousands of Channels},
  journal = {Journal of Medical Internet Research},
  volume = {21},
  number = {10},
  pages = {e16194},
  year = {2019},
  doi = {10.2196/16194},
  pmid = {31642810},
  pmcid = {6914248}
}

@misc{Bowe,
  author = {Bowe, S. and Gabizon, A. and Green, M. D.},
  title = {A multi-party protocol for constructing the public parameters of the Pinocchio zk-SNARK},
  howpublished = {Zcash},
  note = {Retrieved from \url{https://z.cash/blog/the-design-of-the-ceremony.html}},
  year = {n.d.}
}